<record><leader>00000cas a2200000   4500</leader><controlfield tag="001">4943629</controlfield><controlfield tag="008">790509c19uu9999ctuwr ne      0   a0eng d</controlfield><controlfield tag="009">467</controlfield><datafield ind1=" " ind2=" " tag="010"><subfield code="a">sn 79002766 </subfield></datafield><datafield ind1=" " ind2=" " tag="040"><subfield code="a">NSD</subfield><subfield code="b">eng</subfield><subfield code="c">NSD</subfield><subfield code="d">OCL</subfield><subfield code="d">OCLCQ</subfield></datafield><datafield ind1=" " ind2=" " tag="012"><subfield code="k">1</subfield><subfield code="m">c</subfield></datafield><datafield ind1="1" ind2=" " tag="022"><subfield code="a">0191-7455</subfield><subfield code="l">0191-7455</subfield><subfield code="2">1</subfield></datafield><datafield ind1=" " ind2=" " tag="032"><subfield code="a">400230</subfield><subfield code="b">USPS</subfield></datafield><datafield ind1=" " ind2=" " tag="042"><subfield code="a">nsdp</subfield></datafield><datafield ind1=" " ind2="0" tag="222"><subfield code="a">Litchfield Hills sampler</subfield></datafield><datafield ind1="0" ind2="0" tag="245"><subfield code="a">Litchfield Hills sampler.</subfield></datafield><datafield ind1=" " ind2=" " tag="260"><subfield code="a">Torrington, Conn.,</subfield><subfield code="b">Torrington Register Pub. Corp.</subfield></datafield><datafield ind1=" " ind2=" " tag="936"><subfield code="a">v. 7, no. 15</subfield></datafield></record>